@inproceedings{lip1,
  title={Lipschitz Bandits: Regret Lower Bound and Optimal Algorithms.},
  author={Magureanu, Stefan and Combes, Richard and Proutiere, Alexandre},
  booktitle={COLT},
  pages={975--999},
  year={2014}
}

@article{slivkins,
  title={Contextual bandits with similarity information.},
  author={Slivkins, Aleksandrs},
  journal={Journal of Machine Learning Research},
  volume={15},
  number={1},
  pages={2533--2568},
  year={2014}
}

@inproceedings{spectral,
  title={Spectral Bandits for Smooth Graph Functions.},
  author={Valko, Michal and Munos, R{\'e}mi and Kveton, Branislav and Kocak, Tomas},
  booktitle={ICML},
  pages={46--54},
  year={2014}
}


@inproceedings{gaussian,
  title={Optimality of Thompson Sampling for Gaussian Bandits Depends on Priors.},
  author={Honda, Junya and Takemura, Akimichi},
  booktitle={AISTATS},
  pages={375--383},
  year={2014}
}

@inproceedings{online,
  title={Online Clustering of Bandits.},
  author={Gentile, Claudio and Li, Shuai and Zappella, Giovanni},
  booktitle={ICML},
  pages={757--765},
  year={2014}
}

@book{mixtureclustering,
  title={Finite mixture distributions},
  author={Everitt, Brian S},
  year={1981},
  publisher={Wiley Online Library}
}

@inproceedings{cvprmixture,
  title={Improved adaptive Gaussian mixture model for background subtraction},
  author={Zivkovic, Zoran},
  booktitle={Pattern Recognition, 2004. ICPR 2004. Proceedings of the 17th International Conference on},
  volume={2},
  pages={28--31},
  year={2004},
  organization={IEEE}
}

@inproceedings{lin,
  title={Online learning of nonparametric mixture models via sequential variational approximation},
  author={Lin, Dahua},
  booktitle={Advances in Neural Information Processing Systems},
  pages={395--403},
  year={2013}
}

@inproceedings{onlinemixture,
  title={Highly efficient incremental estimation of gaussian mixture models for online data stream clustering},
  author={Song, Mingzhou and Wang, Hongbin},
  booktitle={Defense and Security},
  pages={174--183},
  year={2005},
  organization={International Society for Optics and Photonics}
}

@inproceedings{bayesucb,
  title={On Bayesian Upper Confidence Bounds for Bandit Problems.},
  author={Kaufmann, Emilie and Capp{\'e}, Olivier and Garivier, Aur{\'e}lien},
  booktitle={AISTATS},
  pages={592--600},
  year={2012}
}

